@book{webster2009medical,
   title =     {Medical Instrumentation Application and Design, 4th Edition},
   author =    {John G. Webster},
   publisher = {},
   isbn =      {9780471676003,0471676004},
   year =      {2009},
   series =    {},
   edition =   {4},
   volume =    {}
}
   url =       {http://gen.lib.rus.ec/book/index.php?md5=A104B020EA117288DE8414FC86BE5CC2}

@book{chau2016paediatric,
   title =     {Paediatric Rehabilitation Engineering: From Disability to Possibility},
   author =    {Tom Chau, Jillian Fairley},
   publisher = {CRC Press},
   isbn =      {978-1-4398-0842-9,978-1-4398-0851-1,1439808422},
   year =      {2010},
   series =    {Rehabilitation Science in Practice Series},
   edition =   {1},
   volume =    {}
}
   url =       {http://gen.lib.rus.ec/book/index.php?md5=F8301EB2BA1304E8D3799725C3A5506C}

@article{konrad2005abc,
  title={The abc of emg},
  author={Konrad, Peter},
  journal={A practical introduction to kinesiological electromyography},
  volume={1},
  year={2005},
  publisher={Noraxon, Scottsdale}
}

@MISC{iskin2015,
    author = {{iskin}},
    title = {skindiagram1},
    year = {2015},
    note = {[Online; recuperado Marzo 5, 2007]},
    url = {http://www.iskinnewyork.com/wp-content/uploads/2015/07/skindiagram1.jpg}
}

